1789 2362
74 361 104 397 δ)
124 359 159 392 L.
169 358 227 395 1v.
242 368 269 391 c.
279 367 306 397 7.

75 411 139 439 αις.
146 412 172 432 c.
180 411 229 436 20.
239 410 306 440 c.23.

80 1201 110 1238 ‚3
131 1197 289 1230 L.v111.

81 1250 106 1270 ι.
119 1249 173 1279 4ο.

632 73 711 116 DE
724 72 1046 118 ‹svsPEcTA
1081 73 1229 116 L1v11
1261 74 1420 127 FIDE

335 173 479 230 tempus
521 172 655 215 rerum*
684 172 786 224 edax,
832 173 931 231 quod
973 173 1115 217 serrum
1158 185 1195 216 et
1238 174 1375 232 lapides
1415 175 1627 220 consumere
1661 173 1723 220 ἰοί

335 231 399 278 let,
416 235 460 271 iis
480 230 662 279 laboribus
675 235 725 272 ita
738 229 962 288 pepercisset,
979 243 1019 272 vt
1034 248 1079 274 eo
1095 243 1167 272 tem
1197 247 1274 281 ore,
1298 247 1373 289 quo
1397 236 1511 290 primi
1532 238 1720 278 Romano-

335 302 423 328 rum
449 285 638 344 scriptores
664 288 933 338 inclaruerunt,
965 293 1101 345 integri
1120 247 1230 330 essje'm
1261 300 1367 346 atque
1392 290 1514 332 illaefi.
1542 315 1545 317 Δ
1597 296 1719 349 Iungi-

335 359 417 385 mus
432 346 487 385 his
507 345 677 384 omnibus
701 344 813 385 libros
830 345 962 386 linteos
986 361 1006 384 a
1021 348 1131 386 Liuio
1149 342 1207 398 (δ’)
1234 344 1382 386 subinde
1397 351 1721 397 commemoratos,

336 415 496 457 quorum
511 402 767 442 audioritatcm
786 412 822 440 et
840 400 966 449 fidem,
987 401 1015 440 fi
1032 417 1142 457 quam
1164 403 1376 450 habuerunt,
1397 404 1571 443 intadiam
1586 407 1625 443 in
1642 419 1720 445 me-

336 459 401 498 dio
422 457 676 513 relinquimus.
732 457 863 499 Saltim
879 473 958 498 non
984 458 1030 498 ad
1048 461 1144 499 Liuii
1161 471 1404 514 peruenerunt
1420 475 1565 508 manus,
1582 463 1642 516 qui
1657 475 1718 500 eos

334 515 379 555 ab
392 514 472 555 aliis
486 515 692 555 auctoribus
710 518 837 555 citatos
854 519 966 555 citare
993 513 1095 557 solet.
1152 519 1228 558 En!
1256 519 1370 572 igitur
1389 515 1473 556 illos
1489 517 1592 567 exilis
1606 531 1718 557 venae

334 571 481 621 fontes,
507 586 551 612 ex
575 572 702 627 quibus
724 570 963 628 antiquiffimi
993 570 1164 612 historiae
1185 586 1374 623 romanae,
1391 569 1583 628 scriptores
1621 573 1720 613 fitim

333 626 435 668 suam
459 628 685 684 restinguere,
696 627 882 669 debebant.
940 627 1118 668 Indicauit
1140 632 1216 669 iam
1244 628 1452 668 riuulorum
1483 628 1634 668 istorum
1657 631 1719 684 pe-

334 688 483 725 nuriam
505 685 628 724 Gallus
648 684 710 724 ille
728 693 758 733 ¹¹,
788 689 828 725 in
859 683 1084 740 praefamine
1107 700 1126 724 a
1145 685 1252 724 nobis
1283 695 1615 732 commemoratus,
1643 688 1720 740 qui,

335 741 425 780 licet
450 755 527 780 non
553 744 722 780 omnium
749 741 873 780 tulerit
889 738 1074 796 plausum,
1099 751 1235 789 tamen,
1251 739 1279 780 fi
1295 754 1407 795 aequa
1423 753 1546 781 mente
1565 739 1722 780 iudicare

336 795 517 844 volueris,
548 797 626 836 non
642 795 734 836 adeo
750 797 897 836 lubricis
916 801 1140 850 argumentis
1163 795 1263 836 suam
1286 799 1506 850 opinionem
1527 795 1721 850 superstru-

333 856 400 893 xit,
428 850 590 891 Aderant
613 850 762 906 quidem
787 852 856 891 alia
869 849 929 891 sed
946 854 1086 891 tantum
1101 853 1350 891 recentiorum
1372 861 1586 906 temporum
1601 866 1724 906 opera.-

335 907 447 948 Fastis
478 911 580 947 enim
605 907 812 963 capitolinis
835 917 1025 962 parentem
1049 904 1119 947 esse
1140 909 1192 947 T.
1210 908 1460 961 Pomponium
1475 911 1638 947 Atticum
1681 922 1723 946 u-

337 974 389 1002 tat
425 980 446 1004 r
461 978 474 1002 1
490 978 515 1004 o
530 978 556 1003 H
571 979 585 1003 1
601 977 628 1002 v
642 979 658 1004 s
678 971 709 1002 χ.
793 965 886 1002 Acta
907 961 1045 1003 senatus
1070 973 1106 1003 et
1131 963 1260 1018 populi
1286 961 1433 1011 diurna,
1443 963 1550 1009 „lulio
1572 923 1723 1003 Caeiiire

337 1022 586 1075 imperatore,
622 1018 649 1059 fi
677 1032 694 1057 s
710 1033 735 1059 v
749 1033 769 1059 ε
788 1033 815 1058 τ
828 1033 893 1060 on
907 1033 921 1058 1
935 1033 960 1058 ο
986 1018 1075 1060 fides
1092 1017 1255 1058 habenda
1271 1018 1367 1066 est&
1393 1030 1591 1073 coeperunt
1614 1017 1723 1059 nasci.

338 1078 468 1131 Neque
489 1075 610 1115 multo
630 1074 844 1130 grandiores
867 1085 980 1115 aetate
1006 1074 1154 1115 suerunt
1168 1074 1391 1114 laudationes
1406 1074 1490 1114 illae
1507 1074 1674 1116 funebres
1689 1085 1726 1115 et

339 1130 590 1186 ephemerides
614 1131 661 1170 'ad
691 1135 917 1171 memoriam
940 1130 1136 1170 illustrium
1156 1129 1377 1170 familiarum
1411 1129 1727 1171 condecorandam

339 1185 580 1242 conscriptae}
608 1202 628 1226 a
646 1201 668 1228 c
681 1203 695 1228 x
707 1201 728 1227 c
744 1202 766 1227 ε
779 1202 804 1227 n
819 1201 844 1227 ο
860 1202 885 1225 N
898 1201 920 1226 Β
939 1193 956 1212 ²
985 1197 1022 1226 et
1053 1188 1162 1226 Liuio
1178 1188 1250 1238 (ε’)
1283 1190 1358 1225 iam
1384 1184 1465 1224 satis
1496 1190 1726 1240 vituperatae.

338 1243 618 1284 Recentioribus
644 1246 760 1297 igitur
781 1242 1007 1297 temporibus
1030 1256 1164 1298 magna
1182 1240 1331 1297 quidem
1358 1241 1420 1280 lux
1442 1240 1726 1295 exsplendescere

339 1303 477 1354 coepit,
503 1296 562 1339 sed
578 1301 782 1353 antiquiora
798 1298 861 1337 illa
885 1295 1092 1352 spiffiffimis
1105 1299 1266 1338 vtenebris
1279 1295 1423 1351 semper
1438 1296 1549 1336 obfita
1567 1296 1729 1342 fiicrunt.'

339 1359 388 1395 Et
405 1358 582 1409 quoniam
605 1353 670 1408 ipfi
690 1354 744 1392 illi
764 1358 826 1408 qui
842 1351 1041 1407 prikarum
1066 1368 1189 1393 rerum
1212 1356 1437 1392 memoriam
1461 1367 1635 1393 renouare
1656 1353 1726 1393 ssu-

340 1410 514 1456 duct-unt,
535 1425 613 1449 non
637 1408 729 1448 alios
759 1423 801 1448 ex
817 1409 942 1463 quibus
967 1411 1110 1449 haurire
1132 1406 1338 1464 pomiffeiit,
1364 1408 1569 1448 indicarum
1592 1408 1728 1456 sontes,

340 1481 455 1521 neque
465 1466 528 1504 alii
545 1464 688 1504 cuidam
706 1465 828 1505 licebit
842 1479 974 1504 eorum
990 1479 1188 1504 numerum
1206 1479 1337 1519 augere
1352 1465 1410 1504 vel
1419 1479 1535 1503 nouos
1550 1464 1729 1519 quosdam

343 1527 560 1577 excogitare.
615 1523 736 1576 Qare
762 1519 890 1560 eadem
916 1517 1026 1559 cauffa
1058 1535 1078 1560 Ρ
1091 1535 1112 1561 13
1125 1535 1148 1560 κ
1160 1535 1174 1558 1
1189 1534 1212 1560 z
1225 1535 1249 1559 o
1261 1534 1290 1559 N
1308 1535 1321 1559 1
1336 1534 1361 1558 v
1377 1534 1426 1566 M,
1445 1534 1620 1574 magnum
1635 1520 1728 1560 alio*

342 1581 434 1632 quin
450 1592 575 1616 rerum
599 1580 835 1630 antiquarum*
852 1576 1123 1617 aestimatorem
1150 1580 1369 1626 commouit,
1385 1586 1423 1615 vt
1441 1586 1602 1629 veterum
1618 1591 1730 1630 anna-3

343 1634 436 1675 lium
452 1632 567 1675 fidem
585 1632 752 1674 vacillare
775 1636 1026 1690 pronuntiaret
1040 1639 1068 1671 ⁴.

329 87 382 118 10

1620 1730 1656 1778 §-
1686 1728 1734 1775 V.

386 1817 428 1853 u)
443 1807 506 1845 vid.
521 1809 716 1845 Differtation
733 1809 784 1844 sur
810 1808 1021 1844 l’incertimde

345 1855 397 1887 des
421 1856 491 1895 cinq
515 1855 663 1894 premiers
687 1854 789 1885 fiecles
812 1854 850 1884 de
871 1852 1020 1885 l‘histoire

345 1893 497 1929 Romaine
511 1906 537 1927 e.
555 1906 583 1933 3.
599 1905 627 1935 p.
645 1905 684 1931 ες.
704 1895 783 1935 seqq.

385 1940 423 1977 x)
444 1947 473 1967 v.
500 1943 519 1967 Ρ
534 1942 558 1967 Υ
572 1942 598 1967 G
612 1938 638 1966 H
651 1943 663 1966 1
681 1944 692 1966 1
717 1934 847 1967 Annales
861 1930 1019 1977 magistra·

344 1984 434 2011 tuum
447 1984 477 2010 et
492 1977 720 2019 prouinciarum
741 1977 769 2011 S.
784 1978 814 2009 P.
828 1978 921 2017 QR.
949 1977 984 2009 L.
995 1976 1020 2008 1.

368 2046 375 2055 ,
400 2031 436 2058 ¹3·
492 2046 495 2047 γ
525 2046 527 2048 ,
853 2055 855 2057 ¹

344 2031 1017 2100 Py)st'1⁴0N1VsinCaes.c.2o.

343 2103 423 2135 Inito
436 2102 539 2132 honore
550 2101 661 2143 primus
677 2100 801 2131 omnium
815 2099 958 2141 instituit,
982 2108 1018 2130 vt

344 2149 404 2174 tam
424 2144 545 2173 Senatus
557 2148 643 2182 quam
651 2139 751 2183 populi
764 2139 830 2171 aaa
851 2142 1017 2181 conficeren-

342 2191 393 2214 tur
412 2189 440 2212 εν
457 2182 685 2223 publicarentur.

384 2228 417 2262 z)
444 2228 466 2255 C
482 2230 492 2254 1
507 2226 528 2255 C
545 2223 567 2254 13
579 2229 603 2253 R
617 2229 641 2254 o
664 2222 695 2252 in
706 2222 794 2253 Bruto
808 2230 833 2253 c.
851 2223 892 2254 16.
936 2221 1018 2263 Ipsae

342 2265 421 2297 em'm
441 2265 585 2306 familiae
604 2264 664 2307 sua
684 2262 770 2305 qmfi
794 2271 962 2295 ornamenta
984 2269 1019 2295 ac

1063 1818 1242 1843 monumenta
1248 1808 1416 1852 seruabant,
1437 1819 1467 1842 et
1478 1812 1523 1842 ad
1531 1811 1731 1853 vsum‚fiquis

1061 1853 1184 1884 eiusdem
1193 1852 1312 1893 generis
1327 1852 1487 1894 occidfflt,
1508 1861 1537 1882 et
1547 1854 1590 1883 ad
1602 1855 1730 1884 memori.

1059 1904 1107 1925 am
1122 1893 1239 1924 laudum
1250 1891 1470 1935 domesticarum,
1490 1900 1519 1923 ee
1532 1895 1574 1924 ad
1583 1893 1639 1924 illu
1662 1904 1733 1924 ran-

1060 1935 1127 1965 dam
1140 1934 1316 1966 nobilitatem
1322 1932 1417 1975 suam,
1425 1944 1597 1975 quamquam
1608 1935 1654 1966 hts
1666 1936 1733 1966 lau.

1058 1975 1222 2007 dationibus
1246 1974 1364 2016 htstoria
1391 1985 1487 2005 rerum
1512 1974 1669 2017 nostrarum
1690 1976 1732 2018 est

1051 2016 1139 2057 falla
1158 2016 1322 2055 mendqlt'or.

1099 2056 1560 2096 a)t’1·:ntzON1vsin
1588 2057 1733 2090 Animad-

1058 2097 1231 2136 uerstonibus
1249 2097 1390 2168 hlifloricis
1410 2107 1433 2128 c.
1449 2108 1475 2134 5.
1497 2107 1526 2138 p.
1551 2105 1615 2132 182.
1653 2100 1733 2129 Ceu..

1058 2150 1124 2169 rum
1141 2149 1178 2168 ex
1191 2137 1244 2179 ista
1277 2137 1429 2169 lunarum
1444 2139 1586 2175 raritate,
1611 2137 1732 2178 nec-ffr-

1058 2177 1104 2209 rio
1117 2180 1222 2218 euenit,
1237 2187 1273 2210 vt
1285 2179 1317 2209 in
1329 2179 1412 2209 rebus
1434 2186 1493 2208 tam
1505 2176 1731 2220 vetustosaeculo

1054 2219 1159 2263 gzstis,
1182 2221 1290 2253 laboret
1305 2232 1380 2254 nunc
1400 2220 1558 2261 aliquando
1579 2220 1730 2253 annalium

1052 2263 1138 2304 fidem
