1789 2362
439 51 518 97 ns
558 50 870 109 svsPEcTA
900 52 1264 101 ‚mvn-rma:
1452 30 1459 34 ’
1500 68 1546 116 ¹⁵

153 156 246 197 ssent
266 158 347 195 aera
362 152 507 210 lupinis,
532 157 594 194 vix
620 150 823 199 discernere
842 167 960 209 queas.
1015 152 1092 211 Ipsa
1109 158 1239 203 etiam,
1259 153 1287 195 fi
1302 167 1373 211 qua
1395 152 1460 195 sub
1483 155 1540 195 his

154 211 405 253 traditionibus
434 210 522 251 latet
540 215 612 249 ‘res
636 224 722 251 vere
749 209 863 266 gesta,
905 210 963 251 vel
996 209 1139 266 prorsus
1170 216 1436 266 corrumpitur,
1479 211 1540 252 vel

154 268 334 321 erroribus
376 271 427 308 ita
455 264 760 315 circumducitur,
809 277 849 307 vt
880 270 920 307 in
945 268 1002 307 his
1032 267 1170 308 nebulis
1206 266 1400 311 difficulter
1428 266 1539 323 poffit

154 322 327 381 dignosci.
413 322 537 371 Adde,
578 322 677 378 quod
708 326 866 365 incertus
897 328 950 365 rei
984 335 1166 365 enarratae
1199 326 1345 374 auctor,
1386 323 1432 365 de
1475 339 1539 364 cu-

154 386 209 421 ius
224 381 403 437 probitate
419 389 457 419 et
469 378 662 433 prudentia
681 383 823 419 nemini
840 380 999 428 constat,
1015 395 1190 436 magnam
1205 380 1290 420 fidei
1311 392 1459 435 partem
1473 380 1536 420 de·

154 448 245 485 mat,
261 435 372 491 ipsam
400 449 444 474 ue
462 450 543 475 rem
560 439 738 476 incertam
757 435 876 478 faciat.
932 435 1138 476 Plurimum
1158 439 1261 477 enim
1278 435 1323 475 ad
1340 435 1452 475 fidem
1479 435 1536 476 di-

154 494 220 532 ctis
250 450 454 532 faciendlam
477 491 645 541 interest,
667 502 705 531 vt
728 490 874 540 sciatur,
898 506 973 548 quo
997 491 1226 547 potissimum
1238 492 1389 534 auctore
1405 507 1536 533 rumor

152 549 216 588 ille
235 551 274 587 in
293 547 421 603 yulgus
441 551 676 588 emanauerit.
752 548 892 596 Nullus
912 552 953 588 in
976 549 1051 588 hoc
1075 551 1272 588 ratiocinio
1299 548 1387 588 latet
1411 563 1535 588 error:

150 607 192 645 Si
216 619 345 645 omnes
360 614 536 660 vtcunque
561 603 773 645 traditiones
788 609 852 644 vni
877 602 1068 660 eidemque
1092 608 1339 660 corruptionis
1369 604 1542 659 periculo-

152 661 333 700 obnoxiae
354 657 434 698 sunt
451 676 464 709 3
492 660 587 700 nulli
602 674 729 701 earum
754 670 835 700 tuto
850 659 964 701 fidere
982 665 1128 715 poteris,
1176 688 1178 690 -
1215 663 1417 715 Nunquam,
1432 664 1540 701 enim.

152 725 188 755 te
214 714 350 757 deseret
364 727 500 767 metus,
527 731 621 757 anne
638 718 728 756 haec
753 731 983 771 quaecunque
1002 727 1078 756 tuas
1101 715 1270 771 personat
1289 715 1535 763 aures,1idem
1575 761 1577 764 ,

150 770 252 827 quod
268 771 428 826 reliquae
451 786 593 817 omneS,
609 770 804 812 discrimen
824 771 964 818 adierit.
996 771 1319 827 Qemadmodum
1343 775 1444 812 enim
1453 770 1535 811 ‘mi-

148 827 202 867 les
226 825 271 866 ad
295 827 433 867 bellum
457 827 661 881 profectus,
690 842 804 882 quum
829 826 961 879 viderit
990 825 1072 867 suos
1099 828 1374 868 commilitones
1396 829 1530 867 Martis

147 882 324 922 violentia
348 879 532 938 opprcffos
547 893 583 923 et
597 881 712 939 gladii
725 882 854 923 furore
879 881 1112 931 dilaceratos,
1133 898 1319 940 nunquam
1338 882 1383 922 de
1401 881 1459 921 sua
1477 881 1529 922 sa-

148 939 225 979 lute
239 935 380 979 securus
396 936 477 987 effe,
496 949 559 978 aut
572 943 685 979 vitam
698 936 734 979 se
755 937 800 978 ad
815 942 952 994 patrios
974 942 1119 979 Penates
1141 950 1411 995 reportaturum
1429 948 1532 978 certo

148 992 325 1049 spondere
342 995 471 1050 potest,
487 1010 687 1047 commune
710 994 801 1034 illud
826 994 1030 1049 periculum
1055 994 1156 1050 quod
1178 999 1349 1042 omnium
1360 995 1530 1035 militan-

148 1054 245 1091 tium
267 1051 464 1091 ceruicibus
479 1050 677 1107 impendet,
702 1051 816 1106 probe
839 1048 1076 1106 perspiciens:
1107 1054 1157 1090 ita
1173 1056 1282 1091 etiam
1301 1050 1528 1098 traditiones,

145 1121 260 1161 quum
278 1111 469 1147 communi
494 1107 605 1147 veluti
626 1107 790 1163 periculo
814 1106 993 1162 expofitae
1007 1106 1095 1155 smt,
1121 1122 1307 1162 nunquam
1333 1107 1399 1147 tibi
1424 1117 1532 1150 certo.

143 1160 357 1217 persuadere
371 1168 563 1217 poterunt,
578 1161 613 1202 se
627 1178 747 1211 veras,
764 1166 940 1217 integras,
966 1173 1002 1202 et
1017 1163 1121 1202 nullo
1143 1167 1234 1203 vitio
1260 1161 1329 1204 effe
1347 1167 1529 1202 contami-

145 1228 255 1268 natas.
311 1220 402 1258 Non
428 1219 598 1259 omnibns
620 1223 661 1259 in
674 1216 880 1259 vniuersum
904 1217 1159 1258 traditionibus
1189 1217 1309 1260 dicam
1325 1217 1534 1268 scribimus„

143 1278 317 1314 Attamen
332 1273 426 1314 illud
450 1289 573 1329 prono
604 1275 717 1315 veluti
741 1274 849 1314 alueo
868 1288 912 1314 ex
923 1275 980 1313 his
1012 1289 1102 1329 quae
1118 1273 1276 1314 diximus
1306 1290 1385 1315 non
1409 1274 1529 1328 potest

146 1343 226 1369 non
255 1328 367 1369 fluere
396 1328 603 1378 decretum,
625 1329 743 1386 quod,
766 1328 854 1370 ficut
878 1344 947 1370 nec
967 1330 1072 1369 nobis
1098 1329 1184 1369 licet
1210 1329 1422 1374 traditiones
1444 1329 1526 1368 istas
1585 1354 1589 1358 .

145 1396 283 1430 temere
298 1389 461 1434 reiicere,
477 1389 525 1425 ita
548 1401 666 1442 neque
682 1386 745 1425 alii
766 1384 911 1425 cuidem
926 1385 1033 1425 liceat
1051 1384 1195 1425 easdem
1218 1386 1403 1440 ampiecti,
1420 1384 1523 1425 foue-

145 1456 200 1491 re,
223 1452 258 1481 et
270 1452 463 1497 tamquam
478 1447 643 1482 veritates
661 1453 760 1492 extra
775 1440 1041 1492 dubitationem
1055 1440 1183 1495 pofitas
1197 1441 1390 1482 vindicare.
1421 1443 1531 1496 Qiss:

143 1500 265 1552 potius
288 1501 327 1536 in
349 1507 446 1536 tanta
480 1499 610 1537 harum
642 1496 884 1545 traditionum
901 1494 1290 1552 *suspicionefsemper
1304 1497 1521 1537 ‚verendum

143 1551 226 1601 erit,‘
251 1568 298 1593 ne
314 1550 549 1607 decipiamur.
605 1555 716 1593 Fauet
731 1552 873 1592 nostrae
892 1549 1086 1592 sententiae
1113 1565 1135 1593 Β
1148 1569 1161 1592 1
1176 1568 1196 1592 E
1209 1567 1233 1593 R
1252 1569 1273 1595 ι
1290 1569 1305 1593 1
1321 1568 1348 1592 N
1361 1567 1389 1593 G
1403 1567 1417 1592 ι
1433 1567 1458 1592 v
1471 1566 1488 1592 s
1501 1558 1521 1586 P

142 1604 354 1665 monetque,
382 1624 569 1665 nunquam
591 1610 696 1650 nobis
720 1619 860 1650 certum
884 1608 1024 1664 praesto
1052 1606 1122 1649 effe
1141 1610 1338 1658 auxilium,
1363 1624 1436 1664 quo
1459 1623 1524 1659 ve·-

141 1681 198 1706 tas
215 1682 236 1706 a
251 1665 342 1705 falfis
362 1665 580 1721 distinguere
602 1681 773 1723 queamus
797 1664 1020 1706 traditiones.
1088 1667 1209 1719 Qmm
1235 1670 1353 1720 itaque
1375 1668 1520 1716 nemini,

142 1727 329 1779 integrum
357 1721 413 1769 fit,
442 1721 560 1763 famae
586 1721 769 1769 confidere
795 1727 965 1769 incertae,
987 1719 1412 1776 profeciohissoriarum
1430 1719 1524 1771 scri-3,

139 1789 226 1834 ptor
244 1780 339 1834 leges
358 1777 421 1818 fibi
449 1780 654 1826 constitutas
672 1777 945 1836 transgreditur,
973 1777 1002 1821 fi
1017 1792 1097 1820 eam
1113 1787 1256 1835 ‘temere
1275 1781 1405 1835 recipit
1420 1788 1457 1818 et
1471 1776 1520 1817 ad

138 1836 228 1876 alios
253 1837 474 1875 transmittit.
804 1838 810 1841 ’
861 1862 864 1864 -

1374 1920 1410 1975 §.
1435 1922 1516 1961 vn.

179 2037 212 2075 p)
235 2033 283 2067 ππ
300 2033 392 2067 Εϊι
405 2034 500 2069 fic-G
514 2042 528 2068 1
543 2039 570 2068 v
585 2038 601 2067 s
628 2034 667 2067 de
687 2033 805 2068 iudicio
846 2033 999 2075 effultum,
1014 2033 1072 2078 sed
1084 2032 1171 2067 etiam
1188 2046 1204 2065 e
1215 2033 1314 2065 vtcina
1333 2032 1457 2064 domin
1471 2032 1520 2062 vs:

139 2073 288 2108 historico
308 2078 334 2116 §.
348 2082 375 2113 8.
391 2087 420 2117 p.
435 2084 499 2115 289.
563 2078 625 2108 Nec
637 2075 746 2118 sufficit
766 2079 809 2108 ad
846 2078 941 2108 cinam
963 2080 1073 2109 domum
1092 2076 1330 2114 tranfiruntur,
1348 2073 1466 2116 testante
1482 2075 1522 2107 id,

132 2117 397 2160 ‚demonstrationem
418 2119 569 2149 communis
583 2119 679 2159 fama.
727 2121 807 2150 Haec
845 2118 1015 2160 quotidiana
1027 2117 1213 2159 experientia.
1256 2116 1358 2156 Ecquis
1379 2125 1446 2145 vero
1468 2124 1515 2144 no.

140 2156 215 2188 inin}
236 2170 272 2189 ex
284 2159 344 2189 leui
364 2157 525 2201 suspicione
545 2169 598 2190 aut
612 2161 702 2200 plane
727 2161 806 2190 nullo
845 2158 889 2190 bis
904 2158 1100 2201 suppeditabit
1123 2156 1285 2197 infhllibtle
1303 2157 1452 2187 criterium
1471 2155 1516 2186 cli.

131 2196 325 2236 fundamento
338 2208 412 2239 orta,
420 2208 542 2242 augetur
554 2208 583 2231 et
596 2199 697 2241 erest-it
707 2201 804 2231 eundo.
827 2199 1008 2242 xflinguendi
1041 2209 1139 2231 veram
1162 2199 1277 2239 famam
1310 2207 1477 2229 tommunem
1497 2207 1517 2228 a

143 2240 222 2271 Vnde
239 2241 387 2273 mendacia
407 2251 464 2274 non
483 2249 595 2273 tantum
615 2252 631 2272 e
642 2241 760 2273 ciuitate
772 2241 805 2272 in
839 2241 944 2284 falsa!
