1789 2362
313 75 362 117 14
588 60 667 103 ΠΕ
718 53 1026 100 svsPEcTA
1075 56 1228 99 L1v11
1270 55 1428 111 HDE.

948 159 988 214 §.
1022 160 1088 200 vi.

608 261 612 262 ⁷
804 227 1003 265 Traditiones
1024 231 1220 266 reiiciunner.

389 317 394 322 -
431 293 534 336 Alius
551 290 705 350 superest
723 290 807 333 fons
836 296 865 333 is
892 307 938 334 ue
957 293 1257 350 corruptiffimus,
1277 306 1322 334 ex
1347 307 1421 351 quo
1434 294 1574 345 Liuiusg
1587 295 1713 353 {uem-

54 359 286 403 uJLib.vn.c.6.
317 351 521 394 admodum
536 349 609 407 ipse
625 349 756 390 fatetur
775 349 850 406 (ν),
893 348 1079 405 aepissime
1095 347 1244 390 haufiffe
1257 349 1411 391 videtur.
1453 353 1630 392 Continet
1644 353 1712 393 ille

53 406 144 436 Fama
173 415 270 435 '‘⁷⁴¹⁰''
317 407 553 457 traditiones,
583 422 604 446 a
620 406 819 450 maioribus
837 406 950 446 veluti
976 422 1041 461 per
1059 421 1212 446 manum
1234 408 1345 446 Liuio
1371 404 1526 452 traditas.
1609 407 1712 456 Inde,

44 444 186 488 standum
219 444 269 488 est,

53 487 106 518 vbi
119 494 226 518 certam
241 489 289 517 de-

317 464 420 523 quod
447 466 501 507 ι”ε
513 470 539 506 n
551 478 566 504 1
583 478 606 506 z
620 478 644 504 ο
658 478 687 503 N
702 478 716 503 1
732 477 757 503 o
791 466 867 503 iam
880 461 1040 503 suboluit
1054 471 1093 512 ⁸,
1122 473 1177 503 tot
1192 462 1427 505 histor-iarum
1452 464 1615 515 monstra
1635 463 1712 504 fue-

52 536 139 569 rogae
164 526 289 570 vemstas
316 532 403 564 runt
419 531 536 568 enata,
569 535 660 576 quae
681 523 899 575 vnicuique,
926 518 1068 559 etiamst
1101 519 1232 559 tristius
1264 530 1371 574 atque
1396 522 1491 560 Cato
1522 525 1564 561 in
1586 519 1711 561 fronte

45 570 148 610 fidem.

317 580 462 637 gereret
476 575 709 632 supercilium
719 607 732 624 ‚
749 573 862 616 risum
878 585 1002 629 tamen
1025 585 1243 632 extorquere
1258 573 1410 632 poss‘ent.
1441 578 1559 672 (ziam
1576 590 1710 633 operae

315 639 480 694 pretium
495 632 565 674 effe
584 632 763 682 ducimus,
781 648 893 688 quam
937 636 1043 672 arum'
1060 632 1206 674 illarum
1226 633 1432 673 auctoritati
1448 633 1477 672 fi
1502 632 1638 674 endum
1651 632 1707 681 fit,

316 690 518 733 ostendere.
575 692 645 730 Eas
670 705 690 728 a
708 693 812 745 graui
829 704 893 746 pru
923 693 1069 745 entique
1087 692 1170 729 viro
1184 689 1342 729 historiis
1356 704 1435 729 non
1455 686 1525 729 effe
1549 686 1707 729 inseren-

316 746 392 796 das,
415 762 501 788 cum
532 760 560 786 v
574 760 598 787 o
613 762 629 787 s
647 760 664 787 s
680 756 729 786 1'0
740 749 757 770 ⁰
783 746 1010 786 arbitramur.
1080 743 1256 785 Traditio
1282 744 1332 785 est
1348 749 1529 785 enarratio
1542 743 1629 784 sacti
1645 758 1706 783 cu-

315 802 457 843 iusdam
475 805 648 857 οὶγςωφε
671 802 715 840 ab
737 801 817 840 aliis
844 802 999 857 accepta,
1023 799 1067 839 ad
1080 800 1171 839 alios
1195 800 1364 856 deinceps
1381 798 1581 854 transmissa
1598 803 1705 839 etin·

314 857 463 900 terdum
483 855 529 897 ad
553 855 649 897 seros
682 856 846 911 posteros
872 860 1091 897 continuata.
1177 859 1377 913 Propagari
1404 856 1467 895 illa
1492 855 1548 896 vel
1564 854 1704 911 scriptis

315 914 434 971 potest
451 913 509 953 vel
527 928 604 953 ore.
663 911 800 968 Qodsi
816 915 928 969 igitur
942 915 998 952 vir
1011 910 1183 968 prudens,
1214 915 1356 968 integer
1372 915 1466 952 vitae
1490 910 1705 967 scelerisque

313 986 439 1026 purus,
468 970 640 1008 omnibus
658 969 702 1007 ad
718 972 909 1008 veritatem
928 966 1249 1023 introspiciendain
1265 980 1301 1009 et
1317 965 1602 1026 consignandam
1623 966 1704 1008 sub-

315 1025 635 1074 fidiis‘instrutstus,
659 1021 713 1063 sui
733 1029 812 1067 aeui
830 1039 886 1067 res
902 1024 1012 1081 gestas
1043 1024 1086 1064 ab
1103 1024 1293 1064 obliuione
1315 1023 1486 1072 vindicat,
1501 1038 1558 1065 eas
1584 1038 1630 1064 ue
1644 1023 1703 1064 lit-

314 1086 404 1123 teris
419 1079 603 1121 mandatas
628 1079 675 1119 ad
691 1078 833 1122 futuros
851 1090 1000 1136 nepotes
1024 1090 1228 1138 propagat3
1287 1079 1470 1121 eiusmodi
1498 1090 1551 1120 tra
1576 1083 1702 1123 itionis

316 1153 431 1195 genus
454 1152 682 1193 nequaquam
697 1136 927 1192 repudiamus
945 1152 957 1176 τ
987 1151 1072 1176 cum
1086 1140 1218 1191 primis
1243 1136 1390 1197 quando
1402 1137 1465 1177 ista
1477 1135 1571 1177 facta
1588 1136 1703 1177 ateste

315 1198 466 1249 accepit,
495 1198 562 1248 qui
578 1191 653 1248 ipse
671 1196 725 1232 rei
745 1192 862 1248 gestae
877 1191 1055 1240 intesfuit‚
1081 1193 1208 1231 cuneta
1231 1192 1418 1251 explorata
1440 1193 1591 1241 habuit,
1620 1191 1703 1232 nul·

317 1250 395 1291 lam
419 1249 594 1305 probitati
610 1246 691 1289 suae
704 1248 884 1296 maculam
900 1246 1079 1305 adsperfit,
1100 1247 1243 1289 nullum
1257 1247 1459 1291 mentiendi
1475 1247 1704 1288 luerum'fibi

314 1304 547 1361 propofitum
560 1303 664 1343 vidit.
721 1306 780 1343 De
796 1307 841 1343 iis
855 1307 932 1342 iam
947 1305 1054 1343 nobis
1070 1302 1192 1343 sermo
1217 1304 1278 1352 est,
1307 1319 1397 1359 quae
1412 1314 1581 1346 oretenus
1596 1301 1702 1353 fiunt,

316 1371 354 1401 et
369 1364 410 1403 in
435 1363 539 1400 rimis
556 1359 817 1400 remotioribus
833 1374 878 1401 ex
894 1357 1040 1399 sacculis
1063 1361 1248 1414 repetitae,
1263 1357 1343 1400 solo
1357 1361 1557 1400 homiuum
1573 1374 1701 1401 rumo-

315 1431 358 1457 re
376 1432 396 1455 a
438 1416 529 1455 alios
552 1417 781 1473 perueniunt.
838 1416 924 1470 Qo
944 1415 1047 1469 plura
1063 1419 1165 1456 enim
1187 1431 1253 1473 per
1264 1416 1465 1458 hominum
1482 1427 1546 1456 ora
1571 1429 1704 1456 rumor

315 1472 540 1527 pererrauit,
556 1480 613 1523 [eo
635 1472 715 1526 plus
742 1473 1012 1525 inquinamenti
1030 1470 1258 1525 'plerumque
1291 1470 1433 1511 t'r'ahere
1453 1469 1575 1511 secum
1598 1469 1701 1525 solet.

316 1529 432 1568 Fama
446 1530 572 1566 omnia
587 1531 627 1566 in
643 1530 760 1567 maius
782 1525 927 1566 extollit
951 1537 986 1578 et
1006 1529 1100 1566 vires
1125 1524 1247 1568 eundo
1270 1524 1440 1582 adquirit.
1497 1528 1572 1568 Iam
1595 1526 1703 1568 mali-

316 1587 368 1627 tia
383 1585 607 1630 hominum,
629 1580 829 1622 deliberato
851 1586 979 1629 animo
1011 1580 1254 1636 mendacium:
1268 1582 1391 1633 struit,
1412 1582 1506 1623 illud
1527 1599 1598 1640 pro
1613 1597 1703 1625 vero

316 1639 544 1681 venditatura
574 1654 585 1679 ε
643 1653 737 1680 mox
763 1638 983 1693 simplicitati
1015 1649 1051 1680 et
1075 1637 1278 1680 credulitati
1307 1640 1485 1681 humanae
1506 1640 1704 1696 petulantia

316 1697 478 1737 aliorum
495 1699 676 1752 imponit:
733 1709 825 1736 mox
841 1698 880 1735 in
907 1699 981 1735 enii
998 1699 1033 1735 vi
1061 1710 1116 1744 or,
1132 1695 1160 1734 fi
1176 1710 1267 1751 quae
1283 1700 1465 1739 memoria
1482 1696 1706 1744 exciderunt,

318 1753 390 1792 alia
409 1753 527 1807 fingit,
543 1767 640 1807 quae,
659 1755 699 1791 in
712 1751 867 1792 illorum
880 1710 1010 1792 focum
1050 1751 1226 1797 ubstituat‚
1312 1755 1413 1793 Hinc
1428 1768 1483 1801 ea,
1508 1769 1598 1808 quae
1623 1768 1703 1793 rem

317 1804 456 1866 gestam
484 1812 658 1848 comitata
680 1806 782 1858 sunt,
809 1806 900 1847 adeo
917 1807 1158 1863 vtplurimum
1183 1805 1301 1863 solent
1320 1812 1452 1859 vitiari,
1476 1820 1526 1858 vt,
1541 1809 1628 1865 quid
1650 1808 1706 1848 di-

338 1921 373 1960 n)
386 1927 405 1952 1³
415 1926 435 1952 E
442 1926 487 1952 lu
497 1924 519 1951 z
526 1924 550 1950 o
557 1924 599 1950 N.
610 1917 644 1949 in
651 1916 851 1951 animaduers.
858 1917 927 1950 hist.
938 1926 991 1959 ας.
1033 1919 1118 1950 beant
1133 1919 1252 1961 poeticis
1258 1919 1375 1960 fabulis
1393 1927 1422 1951 ee
1435 1919 1584 1951 miraculis
1598 1864 1708 1993 1»ξέἒῖ

1660 1970 1692 1993 tu

319 1967 410 2003 pau.
433 1962 521 1992 Fama
533 1960 655 1990 incertis
661 1960 820 1991 rumoribus
833 1961 885 1990 vel
895 1960 994 2002 obsole-
1034 1972 1071 1991 ra
1091 1971 1176 2002 quam
1195 1960 1342 2004 historicae
1355 1962 1432 2003 fidei
1450 1968 1479 1991 ee
1505 1960 1635 2001 vet-{fimi
1691 1982 1704 1990 .

320 2004 363 2034 tis
370 2002 578 2033 traditionibus
586 2002 754 2042 plerumque
766 2001 883 2048 innixu,
896 2012 942 2032 res
944 2012 995 2043 ge.
1034 2001 1111 2042 dini,
1119 2012 1207 2042 nemo,
1222 2003 1333 2044 opinor,
1347 2002 1473 2043 negabit.

319 2042 489 2091 staspopuli
495 2042 547 2084 sui
559 2040 700 2090 vefustate
714 2041 851 2082 obscuras,
859 2053 891 2072 tn
903 2043 996 2073 maius

312 2086 376 2126 sem
395 2094 427 2114 er
442 2094 497 2113 nmo
514 2083 546 2112 in
561 2082 732 2114 mtraeculum
752 2082 841 2122 vsque
859 2083 996 2114 extollere
1075 2086 1104 2121 o)
1121 2089 1229 2116 voss
1239 2090 1310 2116 ivs
1340 2082 1378 2114 de
1392 2068 1457 2115 arte
1468 2082 1601 2126 historica
1620 2094 1646 2115 c.
1664 2093 1704 2117 n.

315 2091 412 2166 gesta.
476 2124 628 2154 Nonnulla
648 2123 734 2154 etiam
755 2122 873 2165 {starum
899 2135 995 2155 rerum
1036 2124 1181 2166 Htstoriae
1211 2125 1333 2156 materia
1354 2133 1382 2156 et
1395 2125 1478 2167 seges
1502 2124 1556 2167 est,
1578 2134 1634 2156 nou
1653 2136 1706 2163 ea,

316 2173 371 2207 pro
385 2165 465 2196 veris
477 2164 594 2195 tradita
605 2164 638 2193 in
652 2165 786 2194 Romanis
806 2162 932 2205 historiis
952 2175 996 2194 re.
1036 2176 1109 2205 quae
1132 2176 1244 2196 rumore
1262 2166 1357 2206 dffper
1370 2177 1405 2204 a,
1425 2165 1484 2207 sed
1495 2175 1574 2205 que
1585 2165 1708 2213 prodita

315 2206 430 2247 periri,
451 2215 525 2245 quae
536 2205 694 2244 praecipua
715 2205 831 2244 quidem
843 2203 894 2245 sui
910 2213 995 2245 parte
1036 2206 1087 2235 vel
1105 2207 1314 2240 commentariis
1346 2214 1457 2244 enatus,
1470 2206 1521 2236 vel
1533 2204 1606 2237 alhs
1623 2205 1707 2238 ditur.

319 2246 473 2284 veraſsnt,
488 2245 547 2286 sed
565 2253 662 2279 tamen
684 2245 823 2277 adiunHa
845 2245 932 2279 etiam
946 2246 995 2276 ha·
1037 2247 1086 2288 nis·¹
1096 2246 1162 2286 fiue
1176 2247 1299 2290 publicis
1307 2247 1373 2288 fiae
1385 2245 1516 2279 vrbanis.
1579 2274 1582 2278 .
