1789 2362
485 64 573 111 DE
604 59 911 110 svsrsscTA
944 59 1098 109 mvn
1128 59 1284 118 rma.
1523 70 1570 104 -u

392 240 442 277 De
454 236 665 288 scrsptoribur
688 246 762 287 quos
770 234 918 285 fiquimr
939 234 1051 272 Liuius
1070 233 1223 271 §fficium
1232 232 1357 281 feo-tur.⁴

298 305 565 347 Animaduertit
602 302 694 354 illud
717 301 957 344 tristiffimum
987 302 1130 362 pristini
1160 307 1240 344 aeui
1273 302 1391 345 fatum
1431 315 1460 343 v
1480 299 1568 344 σ’ἱ-

136 360 141 365 “
186 367 210 405 'a
225 380 238 407 1
251 377 276 403 v
290 377 307 403 s
336 373 440 402 antea
455 359 638 408 laudatus,
666 368 713 400 et‘
725 359 838 415 longe
857 359 927 399 alia
948 358 1190 415 circumspicit
1210 358 1322 399 fulcra
1337 392 1348 408 ,
1373 360 1500 418 quibus
1516 359 1567 398 la-

186 421 380 461 borantem
396 428 559 459 veterum
580 416 767 457 annalium
792 414 907 456 fidem
925 412 1114 456 suffulciat.
1186 418 1244 457 Ex
1266 413 1448 457 ifiemoria
1463 419 1567 457 enim

184 476 426 536 pontificum,
442 489 603 531 quorum
627 488 732 514 curae
750 469 858 532 atque
884 472 969 513 fidei
996 473 1139 513 annales
1164 475 1317 514 maximi
1349 483 1450 513 erant
1464 488 1567 513 com·

185 531 302 581 misfi,
330 530 555 588 dejaerditam
570 526 709 572 'eorum
731 541 872 588 partem
893 528 1051 587 potuisse
1111 528 1364 587 uodammodo
1406 528 1569 570 resarciri

185 599 358 629 autumat.
417 589 595 646 Qinimo
613 587 759 645 longius
783 586 971 643 procedit,
1000 598 1036 628 et
1051 545 1111 627 vet}
1132 602 1178 627 ex
1200 590 1406 627 vicinarum
1419 587 1570 639 'vrbium

186 646 480 695 commentariis,
508 643 567 684 vel
583 658 628 684 ex
651 658 870 699 graecorum
904 643 1166 683 historicorum
1193 645 1362 699 operibus
1391 644 1570 684 iacturam

186 701 290 741 illam
309 697 415 740 fuisse
429 698 664 756 supplendam
680 700 870 740 arbitratur
888 698 914 742 ⁶.
963 698 1033 739 Sed
1047 699 1126 757 plus
1153 699 1247 740 iusto
1273 703 1478 740 memoriae
1501 701 1571 738 ho-

185 760 335 797 minum
350 756 493 804 tribuit,
525 768 560 796 et
592 759 754 796 nimium
783 753 1071 801 sacrificulorum
1099 755 1252 796 istorum
1272 758 1453 795 *humeris
1477 769 1570 794 onus

186 811 350 867 :imponit
393 819 421 852 v
436 825 460 852 o
478 826 495 852 s
509 827 526 853 s
538 818 551 852 ι’
564 826 591 851 v
605 826 622 851 s
634 844 644 860 ‚
688 810 752 851 fibi
783 809 1013 867 persuadens,
1038 825 1270 869 quaecunque
1293 822 1376 851 ante
1399 810 1569 867 quadrin-

187 879 317 924 gentos
339 879 375 907 et
398 866 497 923 quod
513 871 670 909 excurrit
694 881 806 906 annos
824 867 919 922 gesta
937 871 977 905 in
999 871 1274 907 commentariis
1303 871 1463 909 romanis
1480 882 1569 907 con-

186 925 407 971 tinebantur,
424 927 475 963 ita
480 938 610 964 eorum
619 924 749 964 animis
765 923 874 962 infixa
891 920 1007 968 fuiss'e,
1016 933 1055 962 vt
1073 921 1202 964 exinde
1207 921 1439 978 perditorum
1447 926 1572 963 moni-

186 991 402 1022 mentorum
419 978 595 1036 infignior
607 993 688 1038 pars
704 978 840 1020 restitui
859 976 1040 1035 potuiffct.
1064 981 1125 1019 An
1143 977 1273 1034 quaeso
1288 978 1469 1020 eiusmodi
1486 993 1570 1019 cen-

188 1047 229 1076 to
249 1040 355 1076 variis
369 1034 533 1077 consutus
550 1037 718 1092 partibus,
736 1034 917 1083 eamdem,
933 1049 1043 1089 quam
1058 1035 1115 1076 illi
1129 1035 1285 1086 annales,
1301 1034 1434 1076 faciem
1450 1033 1571 1077 fiiiss‘et

186 1092 391 1133 habiturus?
419 1094 480 1132 An
495 1095 619 1131 omnia
627 1090 838 1147 itasuppleri
846 1088 1001 1145 potuiffe
1010 1090 1143 1139 credeS,
1154 1102 1191 1130 vt
1208 1090 1358 1148 fingula,
1366 1095 1570 1133 minimum

187 1151 378 1206 praecipua
394 1148 562 1187 historiae
576 1162 779 1196 momenta,
802 1145 962 1196 confilia,
977 1157 1146 1195 euentus,
1173 1151 1384 1203 principum
1401 1151 1572 1189 virorum

187 1207 276 1244 vitia
299 1203 357 1243 vel
379 1206 551 1253 virtutes,
573 1205 772 1242 hominum
798 1217 939 1251 mores,
969 1213 1181 1258 temporum
1203 1202 1371 1251 ordines,
1400 1205 1572 1245 locorum

188 1262 353 1317 ingenia,
381 1263 480 1299 varia
502 1262 637 1300 artium
661 1258 822 1307 fortuna,
837 1258 924 1299 belli
939 1262 1106 1315 pacisque
1129 1256 1249 1299 causae
1272 1270 1380 1315 atque
1395 1260 1521 1310 exitus,
1536 1271 1574 1301 et

188 1315 270 1362 alia,
295 1313 438 1369 prorsus
455 1330 534 1354 non
556 1315 771 1369 interpolata
787 1315 975 1369 pristinam
990 1314 1154 1355 formam
1168 1318 1391 1369 acciperent?
1416 1317 1574 1356 Nemini

189 1371 378 1410 emunctae
414 1374 509 1409 naris
560 1384 588 1410 v
609 1386 633 1411 o
654 1386 671 1411 s
696 1383 713 1409 s
735 1386 752 1409 ι
773 1384 801 1410 v
820 1384 838 1411 s
884 1369 976 1410 illud
1011 1368 1244 1425 persuadebit.
1327 1374 1460 1414 VicIna
1484 1386 1572 1412 vero

188 1424 323 1482 oppida
353 1427 476 1466 rerum
508 1441 593 1466 cum
624 1429 786 1466 romanis
808 1425 988 1482 gestarum
1019 1429 1242 1467 memoriam
1271 1427 1456 1467 annalibus
1484 1443 1572 1469 con-

186 1480 357 1530 seruasse,
387 1481 524 1521 etiamfi
545 1483 729 1522 euin‘ceret
758 1496 787 1522 v
806 1497 830 1523 o
853 1496 871 1522 s
892 1497 910 1524 s
931 1499 946 1524 1
969 1497 998 1520 v
1022 1498 1057 1532 s,
1095 1483 1334 1523 tamen‘nihil
1364 1484 1574 1525 lucraretur.

188 1542 264 1579 Aut
279 1537 440 1577 sistebant
455 1537 597 1587 annales
619 1536 676 1575 illi
701 1537 872 1589 victorias
885 1539 1015 1596 populi
1034 1541 1196 1581 Romani
1217 1549 1253 1580 et
1279 1538 1396 1580 clades
1419 1540 1574 1597 oppido·

188 1607 275 1635 rum
294 1609 314 1634 a
333 1597 495 1634 romanis
524 1603 700 1650 acceptas3
739 1604 825 1636 tunc
847 1595 1016 1635 comburi
1033 1599 1178 1651 potius,
1203 1610 1315 1652 quam
1331 1597 1494 1653 euulgari
1513 1594 1574 1638 sua

189 1650 367 1691 dedecora
382 1652 484 1690 vrbes
501 1651 586 1689 illae
602 1647 775 1689 curassent
793 1666 804 1689 ε
841 1662 903 1691 aut
928 1653 1159 1694 continebant
1172 1654 1302 1693 harum
1321 1655 1467 1694 vrbium
1490 1654 1573 1709 glo-

189 1711 304 1755 riam,
330 1720 438 1761 quam
456 1703 550 1761 ipsae
566 1704 731 1745 victrices
747 1721 768 1745 a
783 1702 945 1747 romanis
964 1718 1264 1760 reportauerant3
1317 1719 1404 1749 tunc
1425 1713 1576 1750 romani

190 1761 271 1803 suae
289 1766 406 1819 gentis
458 1762 592 1803 loriam
605 1761 850 1818 amplificandi
873 1761 1129 1813 studiofiffimi,
1160 1764 1232 1804 take
1248 1779 1349 1821 opus,
1376 1766 1491 1807 veluti
1507 1781 1576 1807 no-

190 1823 287 1861 mini
302 1818 367 1860 suo
382 1778 575 1860 insgamiam
603 1818 798 1862 allaturum
821 1817 1031 1863 reieciffent.
1060 1822 1189 1862 Graeci
1206 1836 1295 1862 vero
1311 1823 1369 1863 illi
1391 1827 1574 1880 antiquio-

862 1878 890 1918 B
916 1891 938 1923 2
1238 1920 1241 1929 ζ
1498 1893 1572 1928 res,

229 1966 264 2006 b)
294 1973 322 1998 v
338 1972 362 1999 o
377 1972 393 1998 s
409 1971 426 1999 s
440 1975 451 1998 1
467 1971 493 1996 v
506 1971 524 1997 8
563 1964 602 1996 de
637 1964 777 2007 historicfs
810 1967 864 1998 lat.
905 1968 1026 1998 annales
1035 1966 1119 2009 suos,
1139 1969 1193 2009 qui
1208 1970 1300 2000 multa
1313 1980 1375 2001 cum
1388 1970 1575 2001 Romanorum

191 2005 228 2039 L.
245 2007 269 2039 1.
285 2018 310 2040 c.
326 2018 347 2040 ι.
363 2007 464 2039 Tom.
476 2006 528 2038 IV.
549 2007 631 2047 Opp.
672 2008 772 2047 Neque
789 2007 865 2038 em’m
899 2007 989 2050 ggflis
1008 2010 1165 2040 communia
1185 2010 1328 2041 haberent.
1377 2013 1415 2042 Vt
1435 2011 1513 2040 nihil
1531 2011 1578 2041 di.

192 2047 357 2079 eiuscemodi
375 2048 499 2079 homines
519 2047 680 2078 memoriam
690 2058 778 2088 vsqne
793 2050 864 2079 adeo
904 2059 966 2079 cam
978 2050 1015 2080 de
1035 2050 1194 2087 hominibus
1208 2051 1344 2091 Graect's,
1373 2051 1476 2083 Diocle
1486 2053 1577 2093 Pept-

191 2098 298 2122 omnem
313 2087 479 2127 amiserant,
497 2097 532 2119 vt
545 2099 596 2119 nec
609 2088 668 2128 ipsi
668 2112 680 2127 ‚
697 2096 783 2129 penes
795 2099 863 2129 quos
903 2091 1015 2130 rethia,
1027 2101 1112 2131 quem
1127 2092 1263 2132 inprimis
1268 2091 1405 2133 ‚sequana
1419 2091 1457 2135 (st
1471 2093 1577 2125 Fabius

192 2138 249 2159 non
263 2129 340 2158 modo
354 2128 470 2168 legendi
474 2127 532 2169 sed
542 2129 628 2158 etiam
635 2129 784 2169 scribendi
798 2129 863 2171 ser.
903 2130 1013 2170 Pictor,
1026 2139 1055 2161 et
1064 2132 1227 2171 ,Antioc-ho,
1248 2133 1431 2174 Xenophanis
1438 2133 1506 2173 filio
1526 2134 1578 2173 Sy.

191 2169 338 2212 nandique
357 2169 475 2200 annales
495 2168 541 2199 ius
559 2177 641 2209 erat,
665 2179 721 2201 non
740 2170 813 2201 bona
826 2180 864 2201 ex
903 2170 1056 2213 racusano,
1078 2171 1131 2212 qm·
1151 2183 1188 2203 ex
1205 2173 1336 2215 ann'quis
1354 2173 1463 2205 ltaliae
1483 2184 1578 2206 monu-

194 2212 196 2214 ’
212 2214 276 2242 a'rte
288 2210 450 2253 instaurare
463 2212 569 2241 eosdem
584 2208 695 2251 poffint.
718 2213 756 2242 Et
770 2212 863 2242 credi.
902 2213 1006 2249 mentis
1018 2211 1166 2255 historiam
1185 2226 1242 2245 com
1261 2215 1384 2264 rgsuerat,
1393 2224 1429 2248 vt
1440 2226 1477 2248 ex
1489 2216 1577 2249 Hali.

210 2251 250 2282 ile
263 2252 350 2283 etiam
364 2250 413 2294 (st,
426 2251 534 2282 vicinis
542 2251 627 2283 etiam
647 2251 759 2295 oppidIs
767 2252 863 2295 suff
902 2253 1079 2297 carnqffenst
1090 2255 1227 2296 Dionyfio
1246 2267 1344 2289 amus.
